@book{tel2000,
  title={Introduction to distributed algorithms},
  author={Tel, Gerard},
  year={2000},
  publisher={Cambridge university press}
}

@article{korach1984,
  title={Tight lower and upper bounds for some distributed algorithms for a complete network of processors},
  author={Korach, Ephraim and Moran, Shlomo and Zaks, Shmuel},
  booktitle={Proceedings of the third annual ACM symposium on Principles of distributed computing},
  pages={199--207},
  year={1984},
  organization={ACM}
}

@article{korach1990,
  title={A modular technique for the design of efficient distributed leader finding algorithms},
  author={Korach, Ephraim and Kutten, Shay and Moran, Shlomo},
  journal={ACM Transactions on Programming Languages and Systems (TOPLAS)},
  volume={12},
  number={1},
  pages={84--101},
  year={1990},
  publisher={ACM}
}
