@inproceedings{bs,
author={R. A. Brualdi and B. L. Shader}, 
title={On sign-nonsingular matrices and the conversion of the
permanent into the determinant}, 
booktitle={Applied Geometry and Discrete Mathematics},
editor={P. Gritzmann and B. Sturmfels}, 
publisher={American Mathematical Society},
address={Providence, RI},
year=1991, 
pages={117-134}}
 
@article{djd,
author={J. Drew and C. R. Johnson and P. {van den Driessche}}, 
title={Strong forms of nonsingularity}, 
journal={Linear Algebra Appl.},
volume={162},
year=1992,
note={to appear}}

@article{g, 
author={P. M. Gibson}, 
title={Conversion of the permanent into the 
determinant}, 
journal={Proc. Amer. Math. Soc.}, 
volume=27,
year=1971,
pages={471-476}}
 
@article{klm,
author={V. Klee and R. Ladner and R. Manber}, 
title={Signsolvability revisited}, 
journal={Linear Algebra Appl.},
volume=59,
year=1984,
pages={131-157}}
 
@article{m, 
author={K. Murota}, 
title={{LU} decomposition of a matrix with
entries of different kinds}, 
journal={Linear Algebra Appl.}, 
volume=49,
year=1983,
pages={275--283}}

@article{Axelsson,
author={O. Axelsson}, 
title={Conjugate gradient type methods for unsymmetric and
  inconsistent systems of linear equations}, 
journal={Linear Algebra Appl.}, 
volume=29,
year=1980,
pages={1-16}}

@article{Brown-Saad1,
author={P. N. Brown and Y. Saad}, 
title={Hybrid {K}rylov methods for nonlinear
  systems of equations}, 
journal={SIAM J. Sci. Statist. Comput.}, 
volume=11,
year=1990, 
pages={450-481}}

@article{DES,
author={R. S. Dembo and S. C. Eisenstat and T. Steihaug}, 
title={Inexact {N}ewton
  methods}, 
journal={SIAM J. Numer. Anal.},
volume=19,
year=1982, 
pages={400-408}}

@article{EES,
author={S. C. Eisenstat and H. C. Elman and M. H. Schultz}, 
title={Variational
iterative methods for nonsymmetric systems of linear equations}, 
journal={SIAM J. Numer. Anal.}, 
volume=20,
year=1983, 
pages={345-357}}

@phdthesis{Elman,
author={H. C. Elman}, 
title={Iterative methods for large, sparse, nonsymmetric
  systems of linear equations}, 
school={Department of Computer
  Science, Yale University, New Haven, CT},
year=1982}}

@article{GloKR85,
author={R. Glowinski and H. B. Keller and L. Rheinhart}, 
title={Continuation-conjugate
  gradient methods for the least-squares solution of nonlinear boundary value
  problems}, 
journal={SIAM J. Sci. Statist. Comput.}, 
volume=6,
year=1985, 
pages={793-832}}

@book{Golub-VanLoan,
author={G. H. Golub and C. F. {Van Loan}}, 
title={Matrix Computations, Second ed.}, 
publisher={The Johns  Hopkins University Press},
address={Baltimore, MD},  
year=1989}

@inproceedings{More,
author={J. J. Mor\'e}, 
title={A collection of nonlinear model problems},
booktitle={Computational Solutions of Nonlinear Systems of Equations},
editor={E. L. Allgower and K. Georg}, 
series={Lectures in Applied Mathematics},
volume=26, 
publisher={American Mathematical Society}, 
address={Providence, RI}, 
year=1990, 
pages={723-762}}

@article{Saad,
author={Y. Saad},
title={Krylov subspace methods for solving large unsymmetric
  linear systems}, 
journal={Math. Comp.}, 
volume=37,
year=1981, 
pages={105-126}}

@article{Saad-Schultz,
author={Y. Saad and M. H. Schultz}, 
title={{GMRES}: A generalized minimal
  residual method for solving nonsymmetric linear systems}, 
journal={SIAM J. Sci. Statist. Comput.}, 
volume=7,
year=1986, 
pages={856-869}}

@article{Swarztrauber-Sweet,
author={P. N. Swarztrauber and R. A. Sweet}, 
title={Efficient {FORTRAN} subprograms for the solution of 
elliptic partial differential equations}, 
journal={ACM Trans. Math. Software}, 
volume=5,
year=1979, 
pages={352-364}}

@article{Walker88,
author={H. F. Walker},
title={Implementation of the {GMRES} method using
  {H}ouseholder transformations}, 
journal={SIAM J. Sci. Statist. Comput.}, 
volume=9,
year=1988,
pages={152-163}}

@article{Walker89,
author={H. F. Walker}, 
title={Implementations of the {GMRES} method}, 
journal={Computer Phys. Comm.}, 
volume=53,
year=1989,  
pages={311-320}}
